<record><leader>00000cas a22000007a 4500</leader><controlfield tag="001">18320314</controlfield><controlfield tag="008">880808d184u184uohuwr ne      0    0eng d</controlfield><datafield ind1=" " ind2=" " tag="010"><subfield code="a">sn 88078753 </subfield></datafield><datafield ind1=" " ind2=" " tag="040"><subfield code="a">ONP</subfield><subfield code="b">eng</subfield><subfield code="c">ONP</subfield><subfield code="d">OCLCQ</subfield></datafield><datafield ind1=" " ind2=" " tag="042"><subfield code="a">msc</subfield></datafield><datafield ind1="0" ind2=" " tag="130"><subfield code="a">Mt. Vernon Democratic banner (Mount Vernon, Ohio : 1843)</subfield></datafield><datafield ind1="1" ind2="0" tag="245"><subfield code="a">Mt. Vernon Democratic banner.</subfield></datafield><datafield ind1="3" ind2="0" tag="246"><subfield code="a">Mount Vernon Democratic banner</subfield></datafield><datafield ind1=" " ind2=" " tag="260"><subfield code="a">Mount Vernon, O. [Ohio :</subfield><subfield code="b">s.n.]</subfield></datafield><datafield ind1=" " ind2=" " tag="300"><subfield code="a">v.</subfield></datafield><datafield ind1=" " ind2=" " tag="310"><subfield code="a">Weekly</subfield></datafield><datafield ind1=" " ind2=" " tag="588"><subfield code="a">Description based on: Vol. 6, no. 37 (Jan. 10, 1843).</subfield></datafield><datafield ind1=" " ind2=" " tag="752"><subfield code="a">United States</subfield><subfield code="b">Ohio</subfield><subfield code="c">Knox</subfield><subfield code="d">Mount Vernon.</subfield></datafield><datafield ind1="0" ind2="0" tag="780"><subfield code="t">Democratic banner (Mount Vernon, Ohio : 1837)</subfield><subfield code="w">(DLC)sn 84028548</subfield></datafield><datafield ind1="0" ind2="0" tag="785"><subfield code="t">Democratic banner (Mount Vernon, Ohio : 1847)</subfield><subfield code="w">(DLC)sn 88078752</subfield></datafield></record>